<?xml version="1.0" encoding="UTF-8"?><collection><record><leader>07726ntm a2200613 a 4500</leader><controlfield tag="001">006832333</controlfield><controlfield tag="003">MiAaHDL</controlfield><controlfield tag="005">20190719000000.0</controlfield><controlfield tag="006">m        d        </controlfield><controlfield tag="007">cr bn ---auaua</controlfield><controlfield tag="008">090626s1732    xx            00| ||ara d</controlfield><datafield tag="035" ind1=" " ind2=" "><subfield code="a">(MiU)006832333</subfield></datafield><datafield tag="035" ind1=" " ind2=" "><subfield code="a">sdr-miu006832333</subfield></datafield><datafield tag="040" ind1=" " ind2=" "><subfield code="a">MiU</subfield><subfield code="c">MiU</subfield><subfield code="e">amremm</subfield></datafield><datafield tag="043" ind1=" " ind2=" "><subfield code="a">n-us-mi</subfield></datafield><datafield tag="100" ind1="1" ind2=" "><subfield code="6">880-01</subfield><subfield code="a">Bayḍāwī, ʻAbd Allāh ibn ʻUmar,</subfield><subfield code="d">-1286?</subfield></datafield><datafield tag="240" ind1="1" ind2="0"><subfield code="6">880-02</subfield><subfield code="a">Anwār al-tanzīl wa-asrār al-taʼwīl.</subfield><subfield code="n">juz 2</subfield></datafield><datafield tag="245" ind1="1" ind2="3"><subfield code="6">880-03</subfield><subfield code="a">[al-Juzʼ al-thānī min Anwār al-tanzīl wa-asrār al-taʼwīl,</subfield><subfield code="f">1145, i.e. 1732].</subfield></datafield><datafield tag="246" ind1="3" ind2="8"><subfield code="a">جزء من التفسير الكبير</subfield></datafield><datafield tag="260" ind1=" " ind2=" "><subfield code="c">[1732?].</subfield></datafield><datafield tag="300" ind1=" " ind2=" "><subfield code="a">281 leaves :</subfield><subfield code="b">paper ;</subfield><subfield code="c">289 x 203 (228 x 126) mm. bound to 295 x 216 mm.</subfield></datafield><datafield tag="500" ind1=" " ind2=" "><subfield code="a">Shelfmark: Ann Arbor, University of Michigan, Special Collections Library, Isl. Ms. 942</subfield></datafield><datafield tag="500" ind1=" " ind2=" "><subfield code="a">Origin: As appears in colophon on p.561, copied by ʻAlī al-Buyūtī [?] al-Shāfiʻī with transcription completed 16 Ṣafar 1145 [August 1732].</subfield></datafield><datafield tag="500" ind1=" " ind2=" "><subfield code="a">Former shelfmark: Mich. Isl. Ms. temp. no. 91</subfield></datafield><datafield tag="500" ind1=" " ind2=" "><subfield code="a">Binding: Boards covered in black cloth with tan (green in some areas) leather over spine (quarter binding) ; Western style binding ; pastedowns and flyleaves in beige wove paper ; spine label carries title, author, and inventory number "جزء من التفسير الكبير ... الحسن البكرى سبط ال ... مجلد واحد ٨٣" ; still another spine label (near the tail) carries another inventory number "٢٨" ; edges of text block flecked with blue ; sewn in white thread over three recessed cords ; stuck-on endbands in red ; overall in fair condition with minor abrasion, lifting and losses of leather, etc.</subfield></datafield><datafield tag="500" ind1=" " ind2=" "><subfield code="a">Support: European laid paper with 10 laid lines per cm. (horizontal), chain lines spaced 22-24 mm. apart (vertical), and watermark with small six-pointed star (partially visible in many leaves, see pp.10, 12, 14, 18, 24, 58, 162, etc.), sturdy, crisp and well-burnished to glossy, cream in color ; some staining.</subfield></datafield><datafield tag="500" ind1=" " ind2=" "><subfield code="a">Decoration: Keywords and Qurʼānic text being commented upon rubricated ; written area surrounded by red double rule-border.</subfield></datafield><datafield tag="500" ind1=" " ind2=" "><subfield code="a">Script: Naskh ; clear, compact Egyptian hand in a medium line ; serifless with only slight effect of tilt to the left, pointing in distinct dots, alif maqṣūrah pointed as yāʼ, kāf mashkūlah (mashqūqah) preferred.</subfield></datafield><datafield tag="500" ind1=" " ind2=" "><subfield code="a">Layout: Written in 33 lines per page ; frame-ruled.</subfield></datafield><datafield tag="500" ind1=" " ind2=" "><subfield code="a">Collation: i, V-1 (9), 5 V(59), IV (67), 21 V(277), 4 (281), i ; almost exclusively quinions ; catchwords present ; pagination in pencil, Western numerals, supplied during digitization.</subfield></datafield><datafield tag="500" ind1=" " ind2=" "><subfield code="a">Colophon: "Scribal," triangular, reads "تم التفسير بحمد الله تعالى ومعونته وحسن توفيقه وكان الفراغ من هذه النسخة الشريفة المباركة في يوم السبت المبارك ساتت [كذا] عشر شهر صفر الخير من شهور سنة الف ومائة وخمسة واربعين [مشطوبة] من بعد الهجرة النبوية على صاحبها افضل الصلاة واتم السلام وذلك على يد علي البيوتي الشافعي غفر الله له ولوالديه ولجميع المسلمين اجمعين والحمد لله رب العالمين"</subfield></datafield><datafield tag="500" ind1=" " ind2=" "><subfield code="a">Explicit: "في جميع احوالنا واعف عنا عفوا شاملا لذنوبنا يا ارحم الراحمين"</subfield></datafield><datafield tag="500" ind1=" " ind2=" "><subfield code="a">Incipit: "الى كعب الاحبار كيف يجد الشمس تغرب قال في ماء وطين كذلك تجده في التورية ووجد عندها عند تلك العين قوما قيل كان لباسهم جلود الوحش ..."</subfield></datafield><datafield tag="500" ind1=" " ind2=" "><subfield code="a">Title supplied by cataloguer.</subfield></datafield><datafield tag="500" ind1=" " ind2=" "><subfield code="a">Ms. codex.</subfield></datafield><datafield tag="510" ind1="4" ind2=" "><subfield code="a">Jong, F. de. Ṭuruq and Ṭuruq-linked institutions in Nineteenth century Egypt: a historical study in organizational dimensions of Islamic mysticism. Leiden: E. J. Brill, 1978.</subfield></datafield><datafield tag="510" ind1="4" ind2=" "><subfield code="a">Brockelmann, C. GAL,</subfield><subfield code="c">II 334</subfield></datafield><datafield tag="510" ind1="4" ind2=" "><subfield code="a">Brockelmann, C. GAL,</subfield><subfield code="c">I 417 ; S I 738</subfield></datafield><datafield tag="520" ind1="8" ind2=" "><subfield code="a">Fine copy of what appears to be the second volume of al-Bayḍāwī's famous commentary on the Qurʼān, opening with Sūrat al-Kahf (18) verse 86, but due to a note on the incipit page (p.1) attributed to Abū al-Ḥasan Muḥammad ibn Muḥammad ibn ʻAbd al-Raḥmān al-Bakrī al-Ṣiddīqī (d.1545) who composed several commentaries, one of which is entitled Tashīl al-sabīl fī fahm maʻānī al-tanzīl. Contributions to the examination and description of this manuscript provided by Ahmad Nazir Atassi.</subfield></datafield><datafield tag="538" ind1=" " ind2=" "><subfield code="a">Mode of access: Internet.</subfield></datafield><datafield tag="541" ind1=" " ind2=" "><subfield code="a">Acquired in the Fall of 1950.</subfield></datafield><datafield tag="546" ind1=" " ind2=" "><subfield code="a">Arabic.</subfield></datafield><datafield tag="561" ind1=" " ind2=" "><subfield code="a">On upper pastedown, label with ex libris of James Heyworth-Dunne (d.1974), stamped with inventory number, "Ex Libris | J. Heyworth-Dunne | D. Lit. (London) | No 9208" ; several seal impressions (mainly waqf seals) on incipit page (p.1) and at close on p.561, including circular seal impression in blue ink seemingly dated 1304 [1886 or 7] in name of ʻAbd al-Bāqī al-Bakrī (see below) "هذا من كتب السيد عبد الباقي البكري ٣٠٤" (repeated more plainly elsewhere throughout, mainly on margin at openings of each several quires, see pp.19, 79, 99, 119, 155, 175, 195, 235, 275, 295, 315, 335, 355, 395, 415, 435, 454, 475, 495, 515, 535, etc. with offset on facing pages) and rectangular waqf seal impression in blue ink (repeated on margin of pp.59, 118, 214, 215, 326, 335, 454, etc.) "يا رب انت الله يسر لنا علم لا اله الا الله وقف هذا الكتاب لله تعالى السيد عبد الباقي البكري الصديقي سبط الحسن" in name of the aforementioned ʻAbd al-Bāqī al-Bakrī al-Ṣiddīqī Sibṭ Āl al-Ḥasan (عبد الباقي البكري الصديقي سبط آل الحسن / d.1892), shaykh of the Bakrīyah order and incumbent to niqābat al-ashrāf in Egypt during the years 1880-1891 (see de Jong, Ṭuruq and Ṭuruq-linked institutions in Nineteenth century Egypt, Ch.3, Appendix VII-IX, etc.), oval waqf seal impression in red ink "وقف لله تعالى ومقره بيت السجادة البكرية" in name of Bayt al-Sajjādah al-Bakrīyah (بيت السجادة البكرية) and large circular waqf seal impression in blue ink dated 1320 [1902 or 3] "وقف لله تعالى" [contribution to transcriptions provided by Ahmad Nazir Atassi] ; UM Library inscription on p.3 "Dunning | Heyworth-Dunne | 6-13-51 | 71955" ; occasional glosses and marginal corrections (marked with abbreviations "صح" "ن" etc.).</subfield></datafield><datafield tag="630" ind1="0" ind2="0"><subfield code="a">Qurʼan</subfield><subfield code="v">Commentaries</subfield><subfield code="v">Early works to 1800.</subfield></datafield><datafield tag="650" ind1=" " ind2="0"><subfield code="a">Manuscripts, Arabic</subfield><subfield code="z">Michigan</subfield><subfield code="z">Ann Arbor.</subfield></datafield><datafield tag="700" ind1="1" ind2=" "><subfield code="a">Heyworth-Dunne, J.</subfield><subfield code="q">(James),</subfield><subfield code="e">former owner.</subfield></datafield><datafield tag="700" ind1="0" ind2=" "><subfield code="6">880-07</subfield><subfield code="a">ʻAbd al-Bāqī al-Bakrī al-Ṣiddīqī,</subfield><subfield code="d">d. 1892,</subfield><subfield code="e">former owner.</subfield></datafield><datafield tag="700" ind1="0" ind2=" "><subfield code="6">880-05</subfield><subfield code="a">ʻAlī al-Buyūtī al-Shāfiʻī,</subfield><subfield code="d">fl. 1732?,</subfield><subfield code="e">scribe.</subfield></datafield><datafield tag="773" ind1="0" ind2=" "><subfield code="a">Heyworth-Dunne Collection.</subfield></datafield><datafield tag="880" ind1="0" ind2=" "><subfield code="6">700-07/</subfield><subfield code="a">عبد الباقي البكري الصديقي،</subfield><subfield code="e">مالك سابق.</subfield></datafield><datafield tag="880" ind1="0" ind2=" "><subfield code="6">700-05/</subfield><subfield code="a">علي البيوتي الشافعي،</subfield><subfield code="e">ناسخ.</subfield></datafield><datafield tag="880" ind1="1" ind2="2"><subfield code="6">245-03/</subfield><subfield code="a">[الجزء الثاني من انوار التنزيل واسرار التأويل التنزيل,</subfield><subfield code="f">1145ه، 1772م].</subfield></datafield><datafield tag="880" ind1="1" ind2="0"><subfield code="6">240-02/</subfield><subfield code="a">انوار التنزيل واسرار التأويل.</subfield><subfield code="n">جزء 2</subfield></datafield><datafield tag="880" ind1="1" ind2=" "><subfield code="6">100-01/</subfield><subfield code="a">بيضاوي، عبد الله بن عمر.</subfield></datafield><datafield tag="CID" ind1=" " ind2=" "><subfield code="a">006832333</subfield></datafield><datafield tag="DAT" ind1="0" ind2=" "><subfield code="a">20190719102640.0</subfield><subfield code="b">20190719000000.0</subfield></datafield><datafield tag="DAT" ind1="1" ind2=" "><subfield code="a">20190719090653.0</subfield><subfield code="b">2019-07-19T16:11:27Z</subfield></datafield><datafield tag="DAT" ind1="2" ind2=" "><subfield code="a">2015-10-02T18:00:03Z</subfield></datafield><datafield tag="CAT" ind1=" " ind2=" "><subfield code="a">SDR-MIU</subfield><subfield code="d">EX LIBRIS - ALEPH</subfield><subfield code="l">prepare.pl-004-008</subfield></datafield><datafield tag="FMT" ind1=" " ind2=" "><subfield code="a">BK</subfield></datafield><datafield tag="HOL" ind1=" " ind2=" "><subfield code="0">sdr-miu006832333</subfield><subfield code="a">MiU</subfield><subfield code="b">SDR</subfield><subfield code="c">MIU</subfield><subfield code="p">mdp.39015079131234</subfield><subfield code="s">MIU</subfield><subfield code="1">006832333</subfield></datafield><datafield tag="974" ind1=" " ind2=" "><subfield code="b">MIU</subfield><subfield code="c">MIU</subfield><subfield code="d">20190719</subfield><subfield code="s">lit-dlps-dc</subfield><subfield code="u">mdp.39015079131234</subfield><subfield code="y">1732</subfield><subfield code="r">pd</subfield><subfield code="q">bib</subfield><subfield code="t">non-US bib date1 &lt; 1879</subfield></datafield></record></collection>